@book{lol_book,
 author = {Hoyte, Doug},
 title = {Let Over Lambda},
 year = {2008},
 isbn = {1435712757, 9781435712751},
 publisher = {Lulu.com},
} 

@Book{practical_lisp,
    author =       "Peter Seibel",
    title =        "Practical {Common Lisp}",
    publisher =    pub-APRESS,
    address =      pub-APRESS:adr,
    pages =        "xxv + 499",
    year =         "2005",
    ISBN =         "1-59059-239-5 (hardcover)",
    ISBN-13 =      "978-1-59059-239-7 (hardcover)",
    LCCN =         "QA76.73.L23 S45 2005",
    bibdate =      "Tue Oct 11 05:00:53 MDT 2005",
    bibsource =    "http://www.math.utah.edu/pub/tex/bib/common-lisp.bib;
    z3950.loc.gov:7090/Voyager",
    URL =          "ftp://uiarchive.cso.uiuc.edu/pub/etext/gutenberg/;
    http://www.gigamonkeys.com/book/;
    http://www.loc.gov/catdir/toc/ecip058/2005005859.html",
    acknowledgement = ack-nhfb,
    subject =      "COMMON LISP (Computer program language)"
}

@article{homoiconicity,
    author = {McIlroy, M. Douglas},
    title = {Macro Instruction Extensions of Compiler Languages},
    journal = {Commun. ACM},
    issue_date = {April 1960},
    volume = {3},
    number = {4},
    month = apr,
    year = {1960},
    issn = {0001-0782},
    pages = {214--220},
    numpages = {7},
    url = {http://doi.acm.org/10.1145/367177.367223},
    doi = {10.1145/367177.367223},
    acmid = {367223},
    publisher = {ACM},
    address = {New York, NY, USA},
} 

@TechReport{shunting_yard,
    author = {Dijkstra, E.W.},
    title = {{Algol 60 translation: An algol 60 translator for the x1 and making a translator for algol 60}},
    institution = {Stichting Mathematisch Centrum},
    year = {1961},
    OPTkey = {key},
    OPTtype = {cwireport},
    OPTnumber = {MR 34/61},
    OPTnote = {(ALGOL Bulletin, 1); Available online here: \url{http://oai.cwi.nl/oai/asset/9251/9251A.pdf}},
}

@Misc{f_sharp_wikibooks,
    author = "Various Wikibooks users",
    title	= "{F\#} {P}rogramming",
    howpublished = "\url{https://en.wikibooks.org/wiki/F_Sharp_Programming}",
    note = "A Wikibooks project: \url{https://en.wikibooks.org/wiki/Main_Page}."
}

@article{smalltalk_history,
    author = {Kay, Alan C.},
    title = {The Early History of Smalltalk},
    journal = {SIGPLAN Not.},
    issue_date = {March 1993},
    volume = {28},
    number = {3},
    month = mar,
    year = {1993},
    issn = {0362-1340},
    pages = {69--95},
    numpages = {27},
    url = {http://doi.acm.org/10.1145/155360.155364},
    doi = {10.1145/155360.155364},
    acmid = {155364},
    publisher = {ACM},
    address = {New York, NY, USA},
    note = "Also available here: \url{http://worrydream.com/EarlyHistoryOfSmalltalk/}"
}

@article{js_ten_days,
    author = {Charles Severance},
    title = {JavaScript: Designing a Language in 10 Days},
    journal ={Computer},
    volume = {45},
    number = {2},
    issn = {0018-9162},
    year = {2012},
    pages = {7-8},
    doi = {http://doi.ieeecomputersociety.org/10.1109/MC.2012.57},
    publisher = {IEEE Computer Society},
    address = {Los Alamitos, CA, USA},
}

@article{wadler_critique,
    author    = "Philip Wadler",
    title     = "{A} critique of {A}belson and {S}ussman or why calculating is better than scheming",
    journal   = "SIGPLAN Notices",
    volume   = "22",
    number   = "3",
    pages    = "83-94",
    year      = "1987",
    month    = "March",
    note     = "Available online: \url{https://www.cs.kent.ac.uk/people/staff/dat/miranda/wadler87.pdf}"
}

@incollection{eloquentjs_chap_11,
    author = "Marijn Haverbeke",
    title	= "{P}roject: {A} {P}rogramming {L}anguage",
    booktitle= "{E}loquent {J}ava{S}cript",
    publisher= {No Starch Press},
    chapter= "11",
    edition= "2nd",
    year	= "2014",
    month	= "December",
    note	= "Also available online: \url{http://eloquentjavascript.net/11_language.html}",
}

@book{eloquentjs,
    author = "Marijn Haverbeke",
    title = "{E}loquent {J}ava{S}cript",
    year = {2014},
    month = {December},
    isbn = {1593275846, 9781593275846},
    edition = {2nd},
    publisher = {No Starch Press},
    note     = "Also available online: \url{http://eloquentjavascript.net/}",
}

@book{js_design_patterns,
    author = "Addy Osmani",
    title	= "{L}earning {J}ava{S}cript {D}esign {P}atterns",
    isbn = {978-1-4493-3181-8, 1-4493-3181-5},
    note = "Also available online: \url{https://addyosmani.com/resources/essentialjsdesignpatterns/book/}",
    year = "2012",
    month = "July",
    publisher = "O'Reilly Media"
}

@book{sicp,
    author = "Harold Abelson and Gerald Jay Sussman and Julie Sussman",
    title = "{S}tructure and {I}nterpretation of {C}omputer {P}rograms",
    year = {1996},
    isbn = {0-262-01153-0},
    publisher = {MIT Press},
    note     = "Also available online: \url{https://mitpress.mit.edu/sicp/}",
}

@incollection{sicp_meta,
    author = "Harold Abelson and Gerald Jay Sussman and Julie Sussman",
    title	= "{T}he {M}etacircular {E}valuator",
    booktitle = "{S}tructure and {I}nterpretation of {C}omputer {P}rograms",
    chapter= "4.1",
    year = {1996},
    isbn = {0-262-01153-0},
    publisher = {MIT Press},
    note     = "Also available online: \url{https://mitpress.mit.edu/sicp/}",
}