
@Misc{internet_stats,
    title	= "{W}orld {I}nternet {U}sers {S}tatistics and 2015 {W}orld {P}opulation {S}tats",
    howpublished = "\url{http://www.internetworldstats.com/stats.htm}",
}

@Misc{self_handbook,
    title	= "{S}elf {H}andbook for {S}elf 4.5.0 documentation",
    howpublished = "\url{http://handbook.selflanguage.org/4.5/}",
    year = "2014",
    month = "January"
}

@article{smalltalk_history,
    author = {Kay, Alan C.},
    title = {The Early History of Smalltalk},
    journal = {SIGPLAN Not.},
    issue_date = {March 1993},
    volume = {28},
    number = {3},
    month = mar,
    year = {1993},
    issn = {0362-1340},
    pages = {69--95},
    numpages = {27},
    url = {http://doi.acm.org/10.1145/155360.155364},
    doi = {10.1145/155360.155364},
    acmid = {155364},
    publisher = {ACM},
    address = {New York, NY, USA},
    note = "Also available here: \url{http://worrydream.com/EarlyHistoryOfSmalltalk/}"
} 

@article{js_ten_days,
    author = {Charles Severance},
    title = {JavaScript: Designing a Language in 10 Days},
    journal ={Computer},
    volume = {45},
    number = {2},
    issn = {0018-9162},
    year = {2012},
    pages = {7-8},
    doi = {http://doi.ieeecomputersociety.org/10.1109/MC.2012.57},
    publisher = {IEEE Computer Society},
    address = {Los Alamitos, CA, USA},
}

@Misc{mozilla_story,
    title	= "{T}he {S}tory of {M}ozilla",
    howpublished = "\url{http://www.oreilly.com/openbook/opensources/book/netrev.html}",
    year = "1999",
    month = "January",
    author = "Jim Hamerly, Tom Paquin, Susan Walton",
    note = "From ``Open Sources: Voices from the Open Source Revolution''."
}

@Misc{netscape_mozilla,
    title	= "{M}ozilla {S}tomps {A}head {U}nder {A}{O}{L}",
    howpublished = "\url{https://web.archive.org/web/20140603235609/http://archive.wired.com/techbiz/media/news/1998/11/16466}",
    year = "1998",
    month = "November",
    author = "Craig Bicknell, Chris Oakes",
    note = "An archived Wired (\url{http://www.wired.com/}) blog post."
}

@Misc{r7rs,
    title	= "{T}he {R}evised^7 {R}eport on the {A}lgorithmic {L}anguage {S}cheme",
    howpublished = "\url{trac.sacrideo.us/wg/raw-attachment/wiki/WikiStart/r7rs.pdf}",
    year = "2013",
    month = "July",
    note = "The latest version of the de facto standard for the Scheme programming language."
}

@Misc{mdn_concurrency,
    title	= "{C}oncurrency model and {E}vent {L}oop",
    howpublished = "\url{https://developer.mozilla.org/en-US/docs/Web/JavaScript/EventLoop}",
    note = "An article from Mozilla Developer Network (\url{https://developer.mozilla.org})."
}

@Misc{redmonk,
    title	= "{T}he {R}ed{M}onk {P}rogramming {L}anguage {R}ankings: {J}anuary 2016 – tecosystems",
    howpublished = "\url{http://redmonk.com/sogrady/2016/02/19/language-rankings-1-16/}",
    note = "A ranking of programming languages by popularity. ``[C]correlates language discussion (Stack Overflow) and usage (GitHub)[.]''"
}

@Misc{so_developer_survey_2016,
    title	= "{S}tack {O}verflow {D}eveloper {S}urvey 2016 {R}esults",
    howpublished = "\url{http://stackoverflow.com/research/developer-survey-2016}",
    note = "Stack Overflow's annual developer survey. ``[T]he most comprehensive developer survey ever conducted.''"
}

@Misc{pypl,
    title	= "{P}{Y}{P}{L} {P}opularit{Y} of {P}rogramming {L}anguage index",
    howpublished = "\url{http://pypl.github.io/PYPL.html}",
    note = "A ranking of programming languages by popularity. ``[C]reated by analyzing how often language tutorials are searched on Google.''"
}

@Misc{tiobe,
    title	= "{T}{I}{O}{B}{E} {I}ndex | {T}iobe - {T}he {S}oftware {Q}uality {C}ompany",
    howpublished = "\url{http://www.tiobe.com/tiobe_index}",
    note = "A ranking of programming languages by popularity. Based on ``the number of search engine results for queries containing the name of the language'' (\url{https://en.wikipedia.org/wiki/TIOBE_index})."
}

@Misc{atom_site,
    title	= "{A}tom",
    howpublished = "\url{https://atom.io/}",
    note = "Atom website. Atom is ``[a] hackable text editor for the 21st Century''"
}

@Misc{brackets_site,
    title	= "{B}rackets - {A} modern, open source code editor that understands web design.",
    howpublished = "\url{http://brackets.io/}",
    note = "Brackets website."
}

@Misc{vscode_site,
    title	= "{V}isual {S}tudio {C}ode - {C}ode {E}diting. {R}edefined",
    howpublished = "\url{https://code.visualstudio.com/}",
    note = "Visual Studio Code website."
}

@Misc{js_text_editors_wikipedia,
    title	= "{C}omparison of {J}ava{S}cript-based source code editors",
    howpublished = "\url{https://en.wikipedia.org/wiki/Comparison_of_JavaScript-based_source_code_editors}",
    note = "Wikipedia comparison article."
}

@Misc{nodejs_site,
    title	= "{N}ode.js",
    howpublished = "\url{https://nodejs.org}",
    note = "Node.js website. ``Node.js® is a JavaScript runtime built on Chrome's V8 JavaScript engine.''"
}

@Misc{codemirror_site,
    title	= "{C}ode{M}irror",
    howpublished = "\url{http://codemirror.net/}",
    note = "CodeMirror website. ``CodeMirror is a versatile text editor implemented in JavaScript for the browser.''"
}

@Misc{scratch_wikipedia,
    title	= "{S}cratch (programming language)",
    howpublished = "\url{https://en.wikipedia.org/wiki/Scratch_(programming_language)}",
    note = "Wikipedia definition of Scratch."
}

@Misc{scratch,
    title	= "{S}cratch",
    howpublished = "\url{https://wiki.scratch.mit.edu/wiki/Scratch}",
    note = "Description of the language from the Scratch Wiki. See also the language's homepage: \url{https://scratch.mit.edu/}."
}

@Misc{lisp_simple,
    title	= "{L}isp ~ {C}oncise and {S}imple",
    year = "2013",
    month = "March",
    author = "Nicholas H.Tollervey",
    howpublished = "\url{http://ntoll.org/article/lisp-concise-and-simple}",
    note = "An article from the author's personal website: \url{http://ntoll.org/}."
}

@Misc{lisp_powerful,
    title	= "{L}isp {I}s {T}oo {P}owerful",
    howpublished = "\url{http://c2.com/cgi/wiki?LispIsTooPowerful}",
    note = "An entry from the c2 Wiki: \url{http://c2.com/cgi/wiki}."
}

@Misc{lisp_expressive,
    title	= "{P}rogramming languages ranked by expressiveness",
    author = "Donnie Berkholz",
    year = "2013",
    month = "March",
    howpublished = "\url{http://redmonk.com/dberkholz/2013/03/25/programming-languages-ranked-by-expressiveness/}",
    note = "A blog post by a RedMonk (A ``developer focused industry analyst firm.'') analyst."
}

@Misc{unreal_script,
    title	= "{E}pic's {T}im {S}weeney lays out the case for {U}nreal {E}ngine 4",
    author = "Christian Nutt",
    year = "2014",
    month = "March",
    howpublished = "\url{http://www.gamasutra.com/view/news/213647/Epics_Tim_Sweeney_lays_out_the_case_for_Unreal_Engine_4.php}",
    note = "An article from the Gamasutra website."
}

@Misc{blueprint,
    title	= "{B}lueprints {V}isual {S}cripting",
    howpublished = "\url{https://docs.unrealengine.com/latest/INT/Engine/Blueprints/}",
    note = "From Unreal Engine 4 Documentation."
}

@Misc{unreal_guinness,
    title	= "{M}ost successful videogame engine",
    howpublished = "\url{http://www.guinnessworldrecords.com/world-records/most-successful-game-engine}",
    note = "From Guinness World Records webpage. Record as of 16 July 2014."
}

@Misc{unreal_list,
    title	= "{L}ist of {U}nreal {E}ngine games",
    howpublished = "\url{https://en.wikipedia.org/wiki/List_of_Unreal_Engine_games}",
    note = "``[A] list of notable games using a version of the Unreal Engine.'' From Wikipedia."
}

@Misc{web_platform,
    title	= "{T}he {W}eb platform: {B}rowser technologies",
    howpublished = "\url{https://platform.html5.org/}",
    note = "A list of browser technologies that are the components of the platform with links to their specifications."
}

@Misc{open_web_platform,
    title	= "{O}pen {W}eb {P}latform",
    howpublished = "\url{https://www.w3.org/wiki/Open_Web_Platform}",
    note = "``The Open Web Platform is the collection of open (royalty-free) technologies which enables the Web.''"
}

@Misc{lisp_wikipedia,
    title	= "{L}isp (programming language)",
    howpublished = "\url{https://en.wikipedia.org/wiki/Lisp_(programming_language)}",
    note = "Wikipedia definition of Lisp."
}

@book{sicp,
    author = "Harold Abelson, Gerald Jay Sussman, Julie Sussman",
    title = "{S}tructure and {I}nterpretation of {C}omputer {P}rograms",
    year = {1996},
    isbn = {0-262-01153-0},
    publisher = {MIT Press},
    note     = "Also available online: \url{https://mitpress.mit.edu/sicp/}",
}

@incollection{sicp_meta,
    author = "Harold Abelson, Gerald Jay Sussman, Julie Sussman",
    title	= "{T}he {M}etacircular {E}valuator",
    booktitle = "{S}tructure and {I}nterpretation of {C}omputer {P}rograms",
    chapter= "4.1",
    year = {1996},
    isbn = {0-262-01153-0},
    publisher = {MIT Press},
    note     = "Also available online: \url{https://mitpress.mit.edu/sicp/}",
}

@Misc{ecmascript,
    title	= "{ECMAS}cript® 2016 {L}anguage {S}pecification",
    year	= "2016",
    month	= "June",
    howpublished = "\url{http://www.ecma-international.org/ecma-262/7.0/index.html}"
}

@Misc{lisp_draft,
    author	= "John McCarthy",
    title	= "{H}istory of {L}isp",
    year	= "1979",
    month	= "February",
    note	= "A draft.",
    howpublished = "\url{http://www-formal.stanford.edu/jmc/history/lisp/lisp.html}"
}


@Misc{vpl_wikipedia,
    title	= "{V}isual programming language",
    howpublished = "\url{https://en.wikipedia.org/wiki/Visual_programming_language}",
    note = "Wikipedia definition of a visual programming language."
}

@Misc{vpl_journal,
    title	= "{J}ournal of {V}isual {L}anguages and {C}omputing",
    howpublished = "\url{http://www.journals.elsevier.com/journal-of-visual-languages-and-computing/}",
    note = "``The Journal of Visual Languages and Computing is a forum for researchers, practitioners, and developers to exchange ideas and results for the advancement of visual languages and its implication to the art of computing.''"
    % ?
}

@Misc{vpl_maturity,
    author = "Rémi Dehouck",
    title	= "{T}he maturity of visual programming",
    year = "2015",
    month = "September",
    howpublished = "\url{http://www.craft.ai/blog/the-maturity-of-visual-programming/}",
    note = "A blog post."
}

@Misc{visual_languages,
    author = "Margaret M. Burnett",
    title	= "{V}isual {L}anguage {R}esearch {B}ibliography",
    howpublished = "\url{http://web.engr.oregonstate.edu/~burnett/vpl.html}",
    note = "``This page is a structured bibliography of papers pertaining to visual language (VL) research.''. From Oregon State University."
}

@Misc{pacman_complete,
    howpublished = "\url{https://twitter.com/folone/status/494017847585415168}",
    note = "A twitter message with a quote from Edwin Brady"
}

@Misc{idris,
    title	= "{I}dris | {A} {L}anguage with {D}ependent {T}ypes",
    howpublished = "\url{http://www.idris-lang.org/}",
    note = "Homepage of the Idris programming language"
}

@Misc{macros,
	author	= "Matt Might",
	title	= "{F}irst-class (run-time) macros and meta-circular evaluation",
	howpublished = 
	"\url{http://matt.might.net/articles/metacircular-evaluation-and-first-class-run-time-macros/}"
}

@Misc{snapshots,
	author	= "Eric Hosick",
	title	= "{V}isual {P}rogramming {L}anguages - {S}napshots",
	year	= "2014",
	howpublished = "\url{http://blog.interfacevision.com/design/design-visual-progarmming-languages-snapshots/}"
}

@Misc{syntaxation,
    author	= "Douglas Crockford",
	title	= "{S}yntaxation",
	year	= "2013",
	month	= "September",
	note	= "Presentation from the 2013 edition of the ``goto'' conference, \url{http://gotocon.com/aarhus-2013/}",
	howpublished = "\url{gotocon.com/dl/goto-aar-2013/slides/DouglasCrockford_Syntaxation.pdf}"
}

@book{eloquentjs,
    author = "Marijn Haverbeke",
    title = "{E}loquent {J}ava{S}cript",
    year = {2014},
    month = {December},
    isbn = {1593275846, 9781593275846},
    edition = {2nd},
    publisher = {No Starch Press},
    note     = "Also available online: \url{http://eloquentjavascript.net/}",
}

@incollection{eloquentjs_chap_11,
    author = "Marijn Haverbeke",
	title	= "{P}roject: {A} {P}rogramming {L}anguage",
	booktitle= "{E}loquent {J}ava{S}cript",
	publisher= {No Starch Press},
	chapter= "11",
	edition= "2nd",
	year	= "2014",
	month	= "December",
	note	= "Also available online: \url{http://eloquentjavascript.net/11_language.html}",
}

@Misc{maryrose_lisp,
    author	= "Mary Rose Cook",
	title	= "{L}ittle {L}isp interpreter",
	note	= "A blog post from, \url{https://maryrosecook.com/blog/}",
	howpublished = "\url{https://maryrosecook.com/blog/post/little-lisp-interpreter}"
}

@article{wadler_critique,
    author    = "Philip Wadler",
    title     = "{A} critique of {A}belson and {S}ussman or why calculating is better than scheming",
    journal   = "SIGPLAN Notices",
    volume   = "22",
    number   = "3",
    pages    = "83-94",
    year      = "1987",
    month    = "March",
    note     = "Available online: \url{https://www.cs.kent.ac.uk/people/staff/dat/miranda/wadler87.pdf}"
}