@Misc{fig_mess,
    author = "Tycho Luyben",
    howpublished = "\url{http://d2o7bfz2il9cb7.cloudfront.net/main-qimg-a2e1e13841b01982fcb2ddcda2f958e9}",
    note = "From a Quora answer: \url{https://www.quora.com/What-are-the-advantages-and-disadvantages-of-visual-programming-languages-compared-to-regular-programming-languages/answer/Tycho-Luyben}."
}

@Misc{fig_piet,
    author = "Eric Hosick",
    howpublished = "\url{http://blog.interfacevision.com/assets/img/posts/example_visual_language_piet_01.gif}",
    note = "A screenshot from Interface Vision's blog post ``Visual Programming Languages - Snapshots'': \url{http://blog.interfacevision.com/design/design-visual-progarmming-languages-snapshots/}. Individual sources are linked there."
}

@Misc{fig_lily,
    author = "Eric Hosick",
    howpublished = "\url{http://blog.interfacevision.com/assets/img/posts/example_visual_language_lily_01.png}",
    note = "A screenshot from Interface Vision's blog post ``Visual Programming Languages - Snapshots'': \url{http://blog.interfacevision.com/design/design-visual-progarmming-languages-snapshots/}. Individual sources are linked there."
}

@Misc{fig_minecraft,
    author = "Eric Hosick",
    howpublished = "\url{http://blog.interfacevision.com/assets/img/posts/example_visual_language_minecraft_01.png}",
    note = "A screenshot from Interface Vision's blog post ``Visual Programming Languages - Snapshots'': \url{http://blog.interfacevision.com/design/design-visual-progarmming-languages-snapshots/}. Individual sources are linked there."
}

@Misc{fig_google_web_designer,
    author = "Eric Hosick",
    howpublished = "\url{http://blog.interfacevision.com/assets/img/posts/example_visual_language_webdesigner_01.png}",
    note = "A screenshot from Interface Vision's blog post ``Visual Programming Languages - Snapshots'': \url{http://blog.interfacevision.com/design/design-visual-progarmming-languages-snapshots/}. Individual sources are linked there."
}

@Misc{fig_praxis,
    author = "Eric Hosick",
    howpublished = "\url{http://blog.interfacevision.com/assets/img/posts/example_visual_language_praxislive.jpg}",
    note = "A screenshot from Interface Vision's blog post ``Visual Programming Languages - Snapshots'': \url{http://blog.interfacevision.com/design/design-visual-progarmming-languages-snapshots/}. Individual sources are linked there."
}

@Misc{fig_appmaker,
    author = "Eric Hosick",
    howpublished = "\url{http://blog.interfacevision.com/assets/img/posts/example_visual_language_appmaker_01.png}",
    note = "A screenshot from Interface Vision's blog post ``Visual Programming Languages - Snapshots'': \url{http://blog.interfacevision.com/design/design-visual-progarmming-languages-snapshots/}. Individual sources are linked there."
}

@Misc{fig_stroy,
    author = "Eric Hosick",
    howpublished = "\url{http://blog.interfacevision.com/assets/img/posts/example_visual_language_stroycode_01.png}",
    note = "A screenshot from Interface Vision's blog post ``Visual Programming Languages - Snapshots'': \url{http://blog.interfacevision.com/design/design-visual-progarmming-languages-snapshots/}. Individual sources are linked there."
}

@Misc{fig_lava,
    author = "Eric Hosick",
    howpublished = "\url{http://blog.interfacevision.com/assets/img/posts/example_visual_language_lava_01.png}",
    note = "A screenshot from Interface Vision's blog post ``Visual Programming Languages - Snapshots'': \url{http://blog.interfacevision.com/design/design-visual-progarmming-languages-snapshots/}. Individual sources are linked there."
}

@Misc{fig_blueprint2,
    author = "Unreal Engine 4 Documentation",
    howpublished = "\url{https://docs.unrealengine.com/latest/images/Engine/Blueprints/HowTo/BPHT_6/GetScore.jpg}",
    note = "A screenshot from Blueprints Visual Scripting system from Unreal Engine 4's official documentation: \url{https://docs.unrealengine.com/latest/INT/Engine/Blueprints/index.html}."
}

@Misc{fig_blueprint,
    author = "Unreal Engine 4 Documentation",
    howpublished = "\url{https://docs.unrealengine.com/latest/images/Engine/Blueprints/HowTo/BPHT_6/GetScore.jpg}",
    note = "A screenshot from Blueprints Visual Scripting system from Unreal Engine 4's official documentation: \url{https://docs.unrealengine.com/latest/INT/Engine/Blueprints/index.html}."
}

@Misc{fig_scratch,
    author = "Anonymous",
    howpublished = "\url{http://mypad.northampton.ac.uk/12406702/files/2013/05/Screen-Shot-2013-05-02-at-23.19.19-1s0qp26.png}",
    note = "A screenshot from the MIT Scratch environment. From \url{https://mypad.northampton.ac.uk/12406702/2013/01/17/computer-programming-scratch/}."
}