
@Misc{mdn_mm,
    author = "Mozilla Developer Network and individual contributors",
    title = "{M}emory {M}anagement",
    howpublished = "\url{https://developer.mozilla.org/en-US/docs/Web/JavaScript/Memory_Management}"
}

@Misc{mdn_css_ref,
    author = "Mozilla Developer Network and individual contributors",
    title = "{CSS} reference",
    howpublished = "\url{https://developer.mozilla.org/en-US/docs/Web/CSS/Reference}"
}

@Misc{mdn_spread,
    author = "Mozilla Developer Network and individual contributors",
    title = "{S}pread operator",
    howpublished = "\url{https://developer.mozilla.org/en-US/docs/Web/JavaScript/Reference/Operators/Spread_operator}"
}

@Misc{mdn_dot,
    author = "Mozilla Developer Network and individual contributors",
    title = "{P}roperty accessors",
    howpublished = "\url{https://developer.mozilla.org/en-US/docs/Web/JavaScript/Reference/Operators/Property_Accessors}"
}

@Misc{mdn_typeof,
    author = "Mozilla Developer Network and individual contributors",
    title = "typeof",
    howpublished = "\url{https://developer.mozilla.org/en-US/docs/Web/JavaScript/Reference/Operators/typeof}"
}

@Misc{mdn_array,
    author = "Mozilla Developer Network and individual contributors",
    title = "{A}rray",
    howpublished = "\url{https://developer.mozilla.org/en-US/docs/Web/JavaScript/Reference/Global_Objects/Array}"
}

@Misc{mdn_window,
    author = "Mozilla Developer Network and individual contributors",
    title = "{W}indow",
    howpublished = "\url{https://developer.mozilla.org/en-US/docs/Web/API/Window}"
}

@Misc{mdn_log,
    author = "Mozilla Developer Network and individual contributors",
    title = "{C}onsole.log()",
    howpublished = "\url{https://developer.mozilla.org/en-US/docs/Web/API/Console/log}"
}

@Misc{mdn_comparison_operators,
    author = "Mozilla Developer Network and individual contributors",
    title = "{C}omparison operators",
    howpublished = "\url{https://developer.mozilla.org/en-US/docs/Web/JavaScript/Reference/Operators/Comparison_Operators}"
}

@Misc{mdn_undefined,
    author = "Mozilla Developer Network and individual contributors",
    title = "undefined",
    howpublished = "\url{https://developer.mozilla.org/en-US/docs/Web/JavaScript/Reference/Global_Objects/undefined}"
}

@Misc{mdn_assign,
    author = "Mozilla Developer Network and individual contributors",
    title = "{O}bject.assign()",
    howpublished = "\url{https://developer.mozilla.org/en-US/docs/Web/JavaScript/Reference/Global_Objects/Object/assign}"
}

@Misc{mdn_requestanimationframe,
    author = "Mozilla Developer Network and individual contributors",
    title = "window.request{A}nimation{F}rame()",
    howpublished = "\url{https://developer.mozilla.org/en-US/docs/Web/API/Window/requestAnimationFrame}"
}

@Misc{mdn_game_anatomy,
    author = "Mozilla Developer Network and individual contributors",
    title = "{A}natomy of a video game",
    howpublished = "\url{https://developer.mozilla.org/en-US/docs/Games/Anatomy}"
}

@Misc{mdn_localstorage,
    author = "Mozilla Developer Network and individual contributors",
    title = "{W}indow.local{S}torage",
    howpublished = "\url{https://developer.mozilla.org/en-US/docs/Web/API/Window/localStorage}"
}

@Misc{mdn_var,
    author = "Mozilla Developer Network and individual contributors",
    title = "var",
    howpublished = "\url{https://developer.mozilla.org/en-US/docs/Web/JavaScript/Reference/Statements/var}"
}

@Misc{mdn_js_reference,
    author = "Mozilla Developer Network and individual contributors",
    title = "{J}ava{S}cript reference",
    howpublished = "\url{https://developer.mozilla.org/en-US/docs/Web/JavaScript/Reference}"
    note = "An article from Mozilla Developer Network (\url{https://developer.mozilla.org}). ``[S]erves as a repository of facts about the JavaScript language.''"
}

@Misc{mdn_destructuring,
    author = "Mozilla Developer Network and individual contributors",
    title = "{D}estructuring assignment",
    howpublished = "\url{https://developer.mozilla.org/en-US/docs/Web/JavaScript/Reference/Operators/Destructuring_assignment}"
}

@Misc{mdn_template_strings,
    author = "Mozilla Developer Network and individual contributors",
    title = "{T}emplate literals",
    howpublished = "\url{https://developer.mozilla.org/en-US/docs/Web/JavaScript/Reference/Template_literals}"
}

@Misc{mdn_rest,
    author = "Mozilla Developer Network and individual contributors",
    title = "{R}est parameters",
    howpublished = "\url{https://developer.mozilla.org/en-US/docs/Web/JavaScript/Reference/Functions/rest_parameters}"
}

@Misc{mdn_websockets,
    author = "Mozilla Developer Network and individual contributors",
    title = "{W}eb{S}ockets",
    howpublished = "\url{https://developer.mozilla.org/en-US/docs/WebSockets}"
}

@Misc{mdn_set_prototype_of,
    author = "Mozilla Developer Network and individual contributors",
    title	= "{O}bject.set{P}rototype{O}f()",
    howpublished = "\url{https://developer.mozilla.org/en-US/docs/Web/JavaScript/Reference/Global_Objects/Object/setPrototypeOf}"
}

@Misc{mdn_concurrency,
    author = "Mozilla Developer Network and individual contributors",
    title	= "{C}oncurrency model and {E}vent {L}oop",
    howpublished = "\url{https://developer.mozilla.org/en-US/docs/Web/JavaScript/EventLoop}"
}

@Misc{js_types,
    author = "Mozilla Developer Network and individual contributors",
    title	= "{J}ava{S}cript data types and data structures",
    howpublished = "\url{https://developer.mozilla.org/en-US/docs/Web/JavaScript/Data_structures}"
}