
@Misc{common_lisp_hyperspec,
    author = "{LispWorks Ltd.}",
    title	= "{C}ommon {L}isp {H}yper{S}pec ({TM})",
    howpublished = "\url{http://clhs.lisp.se/Front/index.htm}",
    note = "``[O]nline version of the ANSI Common Lisp Standard[.]''"
}

@Misc{racket_reference,
    author = "Matthew Flatt and PLT",
    title	= "{T}he {R}acket {R}eference",
    howpublished = "\url{https://docs.racket-lang.org/reference}",
    note = "``[D]efines the core Racket language and describes its most prominent libraries.''"
}

@Misc{emacs_lisp_reference,
    author = "{Free Software Foundation, Inc.}",
    title	= "{E}macs {L}isp",
    howpublished = "\url{https://www.gnu.org/software/emacs/manual/html_node/elisp/index.html}",
    note = "The latest version of the GNU Emacs Lisp Reference Manual."
}

@Misc{60559_2011,
    author = "{ISO/IEC/IEEE}",
    title	= "{ISO/IEC/IEEE} 60559:2011",
    howpublished = "\url{http://www.iso.org/iso/iso_catalogue/catalogue_tc/catalogue_detail.htm?csnumber=57469}",
    year = "2011",
    month = "July",
    note = "``[S]pecifies formats and methods for floating-point arithmetic in computer systems.''"
}

@Misc{r7rs,
    author = "Alex Shinn and John Cowan and Arthur A. Gleckler and et al.",
    title	= "{T}he {R}evised$^7$ {R}eport on the {A}lgorithmic {L}anguage {S}cheme",
    howpublished = "\url{trac.sacrideo.us/wg/raw-attachment/wiki/WikiStart/r7rs.pdf}",
    year = "2013",
    month = "July",
    note = "The latest version of the de facto standard for the Scheme programming language."
}


@Misc{self_handbook,
    author = "Russell Allen et al.",
    title	= "{S}elf {H}andbook for {S}elf 4.5.0 documentation",
    howpublished = "\url{http://handbook.selflanguage.org/4.5/}",
    year = "2014",
    month = "January"
}

@Misc{ecmascript_2017,
    author = "Ecma International",
    title	= "{ECMAS}cript® 2017 {L}anguage {S}pecification",
    howpublished = "\url{https://tc39.github.io/ecma262/}"
}

@Misc{ecmascript_2015,
    author = "Ecma International",
    title	= "{ECMAS}cript® 2015 {L}anguage {S}pecification",
    year	= "2015",
    month	= "June",
    howpublished = "\url{http://www.ecma-international.org/ecma-262/6.0/}"
}

@Misc{ecmascript,
    author = "Ecma International",
    title	= "{ECMAS}cript® 2016 {L}anguage {S}pecification",
    year	= "2016",
    month	= "June",
    howpublished = "\url{http://www.ecma-international.org/ecma-262/7.0/index.html}"
}

@Misc{lua_5_3,
    author = "Lua.org",
    title = "{L}ua 5.3 readme",
    howpublished = "\url{https://www.lua.org/manual/5.3/readme.html}",
    note = "A readme file for Lua 5.3."
}