
@Misc{pl_genealogy,
    author = "Martin Rinehart",
    title	= "{T}he {B}riefest {G}enealogy of {P}rogramming {L}anguages",
    howpublished = "\url{http://www.martinrinehart.com/pages/genealogy-programming-languages.html}"
}

@Misc{so_developer_survey_2016,
    author = "Stack Overflow",
    title	= "{S}tack {O}verflow {D}eveloper {S}urvey 2016 {R}esults",
    howpublished = "\url{http://stackoverflow.com/research/developer-survey-2016}",
    note = "Stack Overflow's annual developer survey. ``[T]he most comprehensive developer survey ever conducted.''"
}

@Misc{pypl,
    author = "Pierre Carbonnelle",
    title	= "{P}{Y}{P}{L} {P}opularit{Y} of {P}rogramming {L}anguage index",
    howpublished = "\url{http://pypl.github.io/PYPL.html}",
    note = "A ranking of programming languages by popularity. ``[C]reated by analyzing how often language tutorials are searched on Google.''"
}

@Misc{tiobe,
    author = "TIOBE software BV",
    title	= "{T}{I}{O}{B}{E} {I}ndex | {T}iobe - {T}he {S}oftware {Q}uality {C}ompany",
    howpublished = "\url{http://www.tiobe.com/tiobe_index}",
    note = "A ranking of programming languages by popularity. Based on ``the number of search engine results for queries containing the name of the language'' (\url{https://en.wikipedia.org/wiki/TIOBE_index})."
}

@Misc{redmonk,
    author = "Stephen O'Grady",
    title	= "{T}he {R}ed{M}onk {P}rogramming {L}anguage {R}ankings: {J}anuary 2016 – tecosystems",
    howpublished = "\url{http://redmonk.com/sogrady/2016/02/19/language-rankings-1-16/}",
    note = "A ranking of programming languages by popularity. ``[C]correlates language discussion (Stack Overflow) and usage (GitHub)[.]''"
}

@Misc{lua_c_performance,
    author = "Mike Pall",
    title = "{R}e: [{ANN}] llvm-lua 1.0",
    howpublished = "\url{http://lua-users.org/lists/lua-l/2009-06/msg00071.html}",
    note = "An archived post from lua-l, the official mailing list of Lua programming language. Compares Lua to C performance-wise."
}

@Misc{wren_performance,
    author = "Bob Nystrom",
    title = "{P}erformance – {W}ren",
    howpublished = "\url{http://wren.io/performance.html}",
    note = "A performance comparison of the Wren programming language a few other languages. From \url{http://wren.io}."
}

@Misc{mateo_benchmarks,
    author = "Carles Mateo",
    title = "{P}erformance of several languages",
    howpublished = "\url{http://blog.carlesmateo.com/2014/10/13/performance-of-several-languages/}",
    note = "A blog post comparing the performance of several languages."
}

@Misc{lua_perl,
    author = "Douglas Bagnall",
    title = "{L}ua for {P}erlmongers",
    howpublished = "\url{http://wellington.pm.org/archive/201010/douglas-bagnall_diff-lua-perl/}",
    note = "A presentation comparing Lua to Perl. Also includes comparisons to other languages."
}

@Misc{pl_benchmarks,
    author = "Anonymous",
    title = "{P}rogramming {L}anguages {B}enchmarks",
    howpublished = "\url{https://attractivechaos.github.io/plb/}",
    note = "A website with benchmark results for various programming languages."
}

@Misc{js_growth,
    author = "Andrie de Vries",
    title	= "{T}he most popular programming languages on {S}tack{O}verflow | {R}-bloggers",
    howpublished = "\url{http://www.r-bloggers.com/the-most-popular-programming-languages-on-stackoverflow/}",
    year = "2015",
    month = "July",
    note = "An R-bloggers (\url{http://www.r-bloggers.com/}) blog post which includes charts illustrating JavaScript's popularity on StackOverflow between 2008 and 2015."
}

@Misc{internet_stats,
    author = "Miniwatts Marketing Group",
    title	= "{W}orld {I}nternet {U}sers {S}tatistics and 2015 {W}orld {P}opulation {S}tats",
    howpublished = "\url{http://www.internetworldstats.com/stats.htm}",
}