
@Misc{luna_website,
    author = "{New Byte Order}",
    title	= "{L}una. {V}isual and textual functional programming language.",
    howpublished = "\url{http://www.luna-lang.org/}",
    note = "Luna programming language website."
}

@Misc{scratch_website,
    author = "{Lifelong Kindergarten Group at the MIT Media Lab}",
    title	= "{S}cratch - {I}magine, {P}rogram, {S}hare",
    howpublished = "\url{https://scratch.mit.edu/}",
    note = "MIT Scratch website."
}

@Misc{mindstorms_site,
    author = "{The LEGO Group}",
    title	= "{H}ome - {LEGO}® {MINDSTORMS}® - {LEGO}.com - {M}indstorms {LEGO}.com",
    howpublished = "\url{http://mindstorms.lego.com}",
    note = "LEGO Mindstorms website."
}
@Misc{minecraft_site,
    author = "Mojang",
    title	= "minecraft.net - {H}ome",
    howpublished = "\url{https://minecraft.net}",
    note = "Minecraft website."
}

@Misc{racket_site,
    author = "PLT and others",
    title	= "{T}he {R}acket {L}anguage",
    howpublished = "\url{https://racket-lang.org/}",
    note = "Racket programming language website. For detailed authorship information see \url{https://racket-lang.org/people.html}."
}

@Misc{sbcl_site,
    author = "Various",
    title	= "{A}bout - {S}teel {B}ank {C}ommon {L}isp",
    howpublished = "\url{http://www.sbcl.org/}",
    note = "Steel Bank Common Lisp programming language website. For detailed copyright information see \url{http://www.sbcl.org/history.html}."
}

@Misc{links_site,
    author = "Simon Fowler and Sam Lindley and Garrett Morris and Philip Wadler and others",
    title	= "{L}inks: {L}inking {T}heory to {P}ractice for the {W}eb",
    howpublished = "\url{http://groups.inf.ed.ac.uk/links/}",
    note = "Links programming language website."
}

@Misc{vscode_site,
    author = "Microsoft",
    title	= "{V}isual {S}tudio {C}ode - {C}ode {E}diting. {R}edefined",
    howpublished = "\url{https://code.visualstudio.com/}",
    note = "Visual Studio Code website."
}

@Misc{nodejs_site,
    author = "Node.js Foundation",
    title	= "{N}ode.js",
    howpublished = "\url{https://nodejs.org}",
    note = "Node.js website. ``Node.js® is a JavaScript runtime built on Chrome's V8 JavaScript engine.''"
}

@Misc{codemirror_site,
    author = "Marijn Haverbeke and CodeMirror's community",
    title	= "{C}ode{M}irror",
    howpublished = "\url{http://codemirror.net/}",
    note = "CodeMirror website. ``CodeMirror is a versatile text editor implemented in JavaScript for the browser.''"
}

@Misc{atom_site,
    author = "GitHub",
    title	= "{A}tom",
    howpublished = "\url{https://atom.io/}",
    note = "Atom website. Atom is ``[a] hackable text editor for the 21st Century''"
}

@Misc{brackets_site,
    author = "Adobe and Brackets' community",
    title	= "{B}rackets - {A} modern, open source code editor that understands web design.",
    howpublished = "\url{http://brackets.io/}",
    note = "Brackets website."
}

@Misc{c9_website,
    author = "{Cloud9 IDE, Inc.}",
    title = "{C}loud9 - {Y}our development environment, in the cloud",
    howpublished = "\url{https://c9.io/}",
    note = "Cloud9 webpage."
}

@Misc{codeanywhere_website,
    author = "{Codeanywhere, Inc.}",
    title = "{C}odeanywhere · {C}ross {P}latform {C}loud {I}{D}{E}",
    howpublished = "\url{https://codeanywhere.com/}",
    note = "Codeanywhere webpage."
}

@Misc{luajit,
    author = "Mike Pall",
    title = "{T}he {L}ua{J}{I}{T} {P}roject",
    howpublished = "\url{http://luajit.org/}",
    note = "LuaJIT website."
}

@Misc{arc,
    author = "Paul Graham and Robert Morris",
    title	= "{A}rc {F}orum | {A}rc",
    howpublished = "\url{http://arclanguage.org/}",
    note = "Arc programming language website."
}

@Misc{ecma,
    author = "Ecma International",
    title	= "{W}elcome to {E}cma {I}nternational",
    howpublished = "\url{http://www.ecma-international.org/}",
    note = "Ecma International webpage."
}

@Misc{tc39,
    author = "Ecma International",
    title	= "{TC39} - {ECMAS}cript",
    howpublished = "\url{http://www.ecma-international.org/memento/TC39.htm}",
    note = "Technical Committee 39 webpage at Ecma International."
}

@Misc{ecma_github,
    author = "Ecma International and Technical Committee 39",
    title	= "tc39/ecma262: {S}tatus, process, and documents for {ECMA262}",
    howpublished = "\url{https://github.com/tc39/ecma262}",
    note = "Official ECMAScript's GitHub repository."
}

@Misc{typescript,
    author = "Microsoft",
    title	= "{T}ype{S}cript - {J}ava{S}cript that scales.",
    howpublished = "\url{https://www.typescriptlang.org/}",
    note = "TypeScript webpage."
}

@Misc{js_flow,
    author = "Facebook Inc.",
    title	= "{F}low | {A} static type checker for {J}ava{S}cript",
    howpublished = "\url{https://flowtype.org/}",
    note = "Flow webpage."
}

@Misc{idris,
    author = "Edwin Brady and Idris' community",
    title	= "{I}dris | {A} {L}anguage with {D}ependent {T}ypes",
    howpublished = "\url{http://www.idris-lang.org/}",
    note = "Homepage of the Idris programming language"
}