
@Misc{scratch_offline,
    author = "Scratch Wiki",
    title	= "{S}cratch 2.0 {O}ffline {E}ditor ",
    howpublished = "\url{https://wiki.scratch.mit.edu/wiki/Scratch_2.0_Offline_Editor}",
    note = "From the Scratch Wiki: \url{https://wiki.scratch.mit.edu/wiki/}."
}

@Misc{c2_macros,
    author = "WikiWikiWeb",
    title	= "{L}isp {M}acro",
    howpublished = "\url{http://c2.com/cgi/wiki?LispMacro}",
    note = "An entry from WikiWikiWeb \url{http://c2.com/cgi/wiki/FrontPage}."
}

@Misc{vararg_wikipedia,
    author = "{{W}ikipedia, the free encyclopedia}",
    title	= "{V}ariadic function",
    howpublished = "\url{https://en.wikipedia.org/wiki/Variadic_function}",
    note = "Wikipedia definition of a variadic function."
}

@Misc{string_interpolation_wikipedia,
    author = "{{W}ikipedia, the free encyclopedia}",
    title	= "{S}tring interpolation",
    howpublished = "\url{https://en.wikipedia.org/wiki/String_interpolation}",
    note = "Wikipedia definition of string interpolation."
}

@Misc{unparser_wikipedia,
    author = "{{W}ikipedia, the free encyclopedia}",
    title	= "{U}nparser",
    howpublished = "\url{https://en.wikipedia.org/wiki/Unparser}",
    note = "Wikipedia definition of an unparser."
}

@Misc{logo_wikipedia,
    author = "{{W}ikipedia, the free encyclopedia}",
    title	= "{L}ogo (programming language)",
    howpublished = "\url{https://en.wikipedia.org/wiki/Logo_(programming_language)}",
    note = "Wikipedia article about the Logo programming language."
}

@Misc{mindstorms_wikipedia,
    author = "{{W}ikipedia, the free encyclopedia}",
    title	= "{L}ego {M}indstorms",
    howpublished = "\url{https://en.wikipedia.org/wiki/Lego_Mindstorms}",
    note = "Wikipedia article about Lego Mindstorms."
}

@Misc{punched_cards_wikipedia,
    author = "{{W}ikipedia, the free encyclopedia}",
    title	= "{C}omputer programming in the punched card era",
    howpublished = "\url{https://en.wikipedia.org/wiki/Computer_programming_in_the_punched_card_era}",
    note = "Wikipedia article about programming in the punched card era."
}

@Misc{c2_homoiconicity,
    author = "WikiWikiWeb",
    title	= "{D}efinition {O}f {H}omoiconic",
    howpublished = "\url{http://c2.com/cgi/wiki?DefinitionOfHomoiconic}",
    note = "An entry from WikiWikiWeb \url{http://c2.com/cgi/wiki/FrontPage}."
}

@Misc{homoiconicity_wikipedia,
    author = "{{W}ikipedia, the free encyclopedia}",
    title	= "{H}omoiconicity",
    howpublished = "\url{https://en.wikipedia.org/wiki/Homoiconicity}",
    note = "Wikipedia definition of homoiconicity."
}

@Misc{spa_wikipedia,
    author = "{{W}ikipedia, the free encyclopedia}",
    title	= "{S}ingle-page application",
    howpublished = "\url{https://en.wikipedia.org/wiki/Single-page_application}",
    note = "Wikipedia definition of Single-page application."
}

@Misc{standard_ml_wikipedia,
    author = "{{W}ikipedia, the free encyclopedia}",
    title	= "{S}tandard {ML}",
    howpublished = "\url{https://en.wikipedia.org/wiki/Standard_ML}",
    note = "Wikipedia definition of Standard ML."
}

@Misc{pattern_matching_wikipedia,
    author = "{{W}ikipedia, the free encyclopedia}",
    title	= "{P}attern matching",
    howpublished = "\url{https://en.wikipedia.org/wiki/Pattern_matching}",
    note = "Wikipedia definition of pattern matching."
}

@Misc{c2_ast,
    author = "WikiWikiWeb",
    title	= "{A}bstract {S}yntax {T}ree",
    howpublished = "\url{http://c2.com/cgi/wiki?AbstractSyntaxTree}",
    note = "An entry from WikiWikiWeb \url{http://c2.com/cgi/wiki/FrontPage}."
}

@Misc{ast_wikipedia,
    author = "{{W}ikipedia, the free encyclopedia}",
    title	= "{A}bstract syntax tree",
    howpublished = "\url{https://en.wikipedia.org/wiki/Abstract_syntax_tree}",
    note = "Wikipedia definition of abstract syntax tree."
}

@Misc{jsdoc_wikipedia,
    author = "{{W}ikipedia, the free encyclopedia}",
    title	= "{JSD}oc",
    howpublished = "\url{https://en.wikipedia.org/wiki/JSDoc}",
    note = "Wikipedia definition of JSDoc."
}

@Misc{c_family_list_wikipedia,
    author = "{{W}ikipedia, the free encyclopedia}",
    title	= "{L}ist of {C}-family programming languages",
    howpublished = "\url{https://en.wikipedia.org/wiki/List_of_C-family_programming_languages}",
    note = "A list from Wikipedia."
}
    
@Misc{c2_parentheses,
    author = "WikiWikiWeb",
    title	= "{L}ost {I}na {S}eaof {P}arentheses",
    howpublished = "\url{http://c2.com/cgi/wiki?LostInaSeaofParentheses}",
    note = "An entry from WikiWikiWeb \url{http://c2.com/cgi/wiki/FrontPage}."
}

@Misc{js_text_editors_wikipedia,
    author = "{{W}ikipedia, the free encyclopedia}",
    title	= "{C}omparison of {J}ava{S}cript-based source code editors",
    howpublished = "\url{https://en.wikipedia.org/wiki/Comparison_of_JavaScript-based_source_code_editors}",
    note = "Wikipedia comparison article."
}

@Misc{scratch_wikipedia,
    author = "{{W}ikipedia, the free encyclopedia}",
    title	= "{S}cratch (programming language)",
    howpublished = "\url{https://en.wikipedia.org/wiki/Scratch_(programming_language)}",
    note = "Wikipedia definition of Scratch."
}

@Misc{lisp_wikipedia,
    author = "{{W}ikipedia, the free encyclopedia}",
    title	= "{L}isp (programming language)",
    howpublished = "\url{https://en.wikipedia.org/wiki/Lisp_(programming_language)}",
    note = "Wikipedia definition of Lisp."
}

@Misc{lua_games_category_wikipedia,
    author = "{{W}ikipedia, the free encyclopedia}",
    howpublished = "\url{https://en.wikipedia.org/wiki/Category:Lua-scripted_video_games}",
    note = "A Wikipedia category."
}

@Misc{vpl_wikipedia,
    author = "{{W}ikipedia, the free encyclopedia}",
    title	= "{V}isual programming language",
    howpublished = "\url{https://en.wikipedia.org/wiki/Visual_programming_language}",
    note = "Wikipedia definition of a visual programming language."
}

@Misc{unreal_list,
    author = "{{W}ikipedia, the free encyclopedia}",
    title	= "{L}ist of {U}nreal {E}ngine games",
    howpublished = "\url{https://en.wikipedia.org/wiki/List_of_Unreal_Engine_games}",
    note = "``[A] list of notable games using a version of the Unreal Engine.'' From Wikipedia."
}

@Misc{c2_eval_apply,
    author = "WikiWikiWeb",
    title	= "{E}val {A}pply",
    howpublished = "\url{http://c2.com/cgi/wiki?EvalApply}",
    note = "An entry from WikiWikiWeb \url{http://c2.com/cgi/wiki/FrontPage}."
}

@Misc{lisp_powerful,
    author = "WikiWikiWeb",
    title	= "{L}isp {I}s {T}oo {P}owerful",
    howpublished = "\url{http://c2.com/cgi/wiki?LispIsTooPowerful}",
    note = "An entry from WikiWikiWeb: \url{http://c2.com/cgi/wiki}."
}

@Misc{scratch,
    author = "Scratch Wiki",
    title	= "{S}cratch",
    howpublished = "\url{https://wiki.scratch.mit.edu/wiki/Scratch}",
    note = "Description of the language from the Scratch Wiki. See also the language's homepage: \url{https://scratch.mit.edu/}."
}

@Misc{open_web_platform,
    author = "W3C Wiki",
    title	= "{O}pen {W}eb {P}latform",
    howpublished = "\url{https://www.w3.org/wiki/Open_Web_Platform}",
    note = "``The Open Web Platform is the collection of open (royalty-free) technologies which enables the Web.''"
}